@article{scikit-image,
 title = {scikit-image: image processing in {P}ython},
 author = {van der Walt, {S}t\'efan and {S}ch\"onberger, {J}ohannes {L}. and
           {Nunez-Iglesias}, {J}uan and {B}oulogne, {F}ran\c{c}ois and {W}arner,
           {J}oshua {D}. and {Y}ager, {N}eil and {G}ouillart, {E}mmanuelle and
           {Y}u, {T}ony and the scikit-image contributors},
 year = {2014},
 month = {6},
 keywords = {Image processing, Reproducible research, Education,
             Visualization, Open source, Python, Scientific programming},
 volume = {2},
 pages = {e453},
 journal = {PeerJ},
 issn = {2167-8359},
 url = {https://doi.org/10.7717/peerj.453},
 doi = {10.7717/peerj.453}
}


@InProceedings{networkx,
  author =       {Aric A. Hagberg and Daniel A. Schult and Pieter J. Swart},
  title =        {Exploring Network Structure, Dynamics, and Function using NetworkX},
  booktitle =   {Proceedings of the 7th Python in Science Conference},
  pages =     {11 - 15},
  address = {Pasadena, CA USA},
  year =      {2008},
  editor =    {Ga\"el Varoquaux and Travis Vaught and Jarrod Millman},
}


@misc{makesense,
  title = {Make Sense (Alpha Version)},
  author =       {Piotr Skalski},
  howpublished = {\url{https://www.makesense.ai/}},
  note = {Accessed: 20-05-2020}
}